<record><leader>00000cas a22000007a 4500</leader><controlfield tag="001">8741770</controlfield><controlfield tag="008">820902d19811985vauwr ne      0   a0eng d</controlfield><datafield ind1=" " ind2=" " tag="010"><subfield code="a">sn 82006559 </subfield></datafield><datafield ind1=" " ind2=" " tag="040"><subfield code="a">NSD</subfield><subfield code="b">eng</subfield><subfield code="c">NSD</subfield><subfield code="d">OCL</subfield><subfield code="d">NSD</subfield><subfield code="d">NST</subfield><subfield code="d">NSD</subfield><subfield code="d">NST</subfield><subfield code="d">NVK</subfield><subfield code="d">OCLCQ</subfield><subfield code="d">OCLCF</subfield><subfield code="d">OCLCO</subfield></datafield><datafield ind1=" " ind2=" " tag="012"><subfield code="i">8405</subfield><subfield code="j">0</subfield><subfield code="m">d</subfield></datafield><datafield ind1="1" ind2=" " tag="022"><subfield code="a">0745-0400</subfield><subfield code="l">0745-0400</subfield><subfield code="2">1</subfield></datafield><datafield ind1="1" ind2=" " tag="029"><subfield code="a">AU@</subfield><subfield code="b">000020284415</subfield></datafield><datafield ind1=" " ind2=" " tag="032"><subfield code="a">680710</subfield><subfield code="b">USPS</subfield></datafield><datafield ind1=" " ind2=" " tag="037"><subfield code="b">McDonnell Publishing, Inc., 530 Culpeper Mall, Culpeper, VA 22701</subfield></datafield><datafield ind1=" " ind2=" " tag="042"><subfield code="a">nsdp</subfield></datafield><datafield ind1=" " ind2=" " tag="043"><subfield code="a">n-us-va</subfield></datafield><datafield ind1=" " ind2="4" tag="050"><subfield code="a">S1</subfield><subfield code="b">.F25</subfield></datafield><datafield ind1="0" ind2=" " tag="130"><subfield code="a">Farm &amp; country (Culpeper, Va.)</subfield></datafield><datafield ind1=" " ind2="0" tag="222"><subfield code="a">Farm &amp; country</subfield><subfield code="b">(Culpeper, Va.)</subfield></datafield><datafield ind1="0" ind2="0" tag="245"><subfield code="a">Farm &amp; country.</subfield></datafield><datafield ind1="1" ind2="0" tag="246"><subfield code="a">Farm and country</subfield></datafield><datafield ind1=" " ind2=" " tag="260"><subfield code="a">Culpeper, VA :</subfield><subfield code="b">McDonnell Pub. Inc.,</subfield><subfield code="c">1981-1985.</subfield></datafield><datafield ind1=" " ind2=" " tag="300"><subfield code="a">v. :</subfield><subfield code="b">ill.</subfield></datafield><datafield ind1=" " ind2=" " tag="310"><subfield code="a">Weekly</subfield></datafield><datafield ind1="0" ind2=" " tag="362"><subfield code="a">Vol. 1, no. 1 (Dec. 16, 1981)-v. 4, no. 6 (Jan. 30, 1985).</subfield></datafield><datafield ind1=" " ind2=" " tag="500"><subfield code="a">"Virginia's only farm weekly."</subfield></datafield><datafield ind1=" " ind2=" " tag="530"><subfield code="a">Available on microfilm from the Library of Virginia.</subfield></datafield><datafield ind1=" " ind2="0" tag="650"><subfield code="a">Agriculture</subfield><subfield code="z">Virginia</subfield><subfield code="v">Newspapers.</subfield></datafield><datafield ind1=" " ind2="0" tag="651"><subfield code="a">Culpeper (Va.)</subfield><subfield code="v">Newspapers.</subfield></datafield><datafield ind1=" " ind2="7" tag="655"><subfield code="a">Newspapers.</subfield><subfield code="2">fast</subfield><subfield code="0">(OCoLC)fst01423814</subfield></datafield><datafield ind1=" " ind2="7" tag="650"><subfield code="a">Agriculture.</subfield><subfield code="2">fast</subfield><subfield code="0">(OCoLC)fst00801355</subfield></datafield><datafield ind1=" " ind2="7" tag="651"><subfield code="a">Virginia.</subfield><subfield code="2">fast</subfield><subfield code="0">(OCoLC)fst01204597</subfield></datafield><datafield ind1=" " ind2="7" tag="651"><subfield code="a">Virginia</subfield><subfield code="z">Culpeper.</subfield><subfield code="2">fast</subfield><subfield code="0">(OCoLC)fst01214679</subfield></datafield><datafield ind1=" " ind2=" " tag="752"><subfield code="a">United States</subfield><subfield code="b">Virginia</subfield><subfield code="c">Culpeper</subfield><subfield code="d">Culpeper.</subfield></datafield><datafield ind1="0" ind2="0" tag="785"><subfield code="t">Virginia's farm and country</subfield><subfield code="x">0883-6868</subfield><subfield code="w">(OCoLC)8741770</subfield></datafield><datafield ind1=" " ind2=" " tag="850"><subfield code="a">Vi</subfield><subfield code="a">ViU</subfield></datafield></record>